%% This BibTeX bibliography file was created using BibDesk.
%% http://bibdesk.sourceforge.net/


%% Created for Joe Stanton at 2013-12-04 17:20:46 +0000 


%% Saved with string encoding Unicode (UTF-8) 

@book{ModelDrivenDevelopment,
  Author = {Marco Brambilla and Jordi Cabot and Manuel Wimmer},
  Title = {Model-Driven Software Engineering in Practice},
  Publisher = {Morgan \& Claypool Publishers},
  Year = {2012}
}

@online{Chef,
  Date-Added = {2013-12-04 19:40:29 +0000},
  Date-Modified = {2013-12-04 19:42:12 +0000},
  Month = {November},
  Url = {http://www.opscode.com/chef/ },
  Year = {2013}
}
